<record><leader>00000cas a22000007a 4500</leader><controlfield tag="001">13996796</controlfield><controlfield tag="008">860801d187918uutxuwr ne      0    0eng d</controlfield><datafield ind1=" " ind2=" " tag="010"><subfield code="a">sn 86088344 </subfield></datafield><datafield ind1=" " ind2=" " tag="040"><subfield code="a">PPM</subfield><subfield code="b">eng</subfield><subfield code="c">PPM</subfield><subfield code="d">OCLCQ</subfield></datafield><datafield ind1=" " ind2=" " tag="042"><subfield code="a">msc</subfield></datafield><datafield ind1="0" ind2=" " tag="130"><subfield code="a">Star-vindicator (Blanco, Tex.)</subfield></datafield><datafield ind1="1" ind2="4" tag="245"><subfield code="a">The Star-vindicator.</subfield></datafield><datafield ind1=" " ind2=" " tag="260"><subfield code="a">Blanco, Tex. :</subfield><subfield code="b">McPherson &amp; Smith</subfield></datafield><datafield ind1=" " ind2=" " tag="300"><subfield code="a">v. :</subfield><subfield code="b">ill. (chiefly advertisements) ;</subfield><subfield code="c">60 cm.</subfield></datafield><datafield ind1=" " ind2=" " tag="310"><subfield code="a">Weekly</subfield></datafield><datafield ind1="1" ind2=" " tag="362"><subfield code="a">Began in 1879.</subfield></datafield><datafield ind1=" " ind2=" " tag="588"><subfield code="a">Description based on: Vol. 9, no. 7 (May 6, 1882).</subfield></datafield><datafield ind1=" " ind2=" " tag="752"><subfield code="a">United States</subfield><subfield code="b">Texas</subfield><subfield code="c">Blanco</subfield><subfield code="d">Blanco.</subfield></datafield><datafield ind1="0" ind2="0" tag="780"><subfield code="t">Star-vindicator</subfield><subfield code="w">(DLC)sn 83025042</subfield></datafield><datafield ind1="0" ind2="0" tag="785"><subfield code="t">Star-vindicator (San Marcos, Tex.)</subfield><subfield code="w">(DLC)sn 88083112</subfield></datafield></record>